@misc{stock_market_dataset_amd,
  author       = {Jackson Crow},
  title        = {Stock Market Dataset â€” AMD.csv},
  howpublished = {\url{https://www.kaggle.com/datasets/jacksoncrow/stock-market-dataset}},
  note         = {Kaggle dataset. File: AMD.csv},
  year         = {n.d.},
  urldate      = {2025-09-24}
}
@misc{air_quality,
  author       = {Vito, Saverio},
  title        = {{Air Quality}},
  year         = {2008},
  howpublished = {UCI Machine Learning Repository},
  note         = {{DOI}: https://doi.org/10.24432/C59K5F}
}
@misc{garment_productivty,
  title        = {{Productivity Prediction of Garment Employees}},
  year         = {2020},
  howpublished = {UCI Machine Learning Repository},
  note         = {{DOI}: https://doi.org/10.24432/C51S6D}
}
@misc{occupancy_detection,
  author       = {Candanedo, Luis},
  title        = {{Occupancy Detection }},
  year         = {2016},
  howpublished = {UCI Machine Learning Repository},
  note         = {{DOI}: https://doi.org/10.24432/C5X01N}
}
@misc{weather_dataset,
  author       = {Alistair King},
  title        = {{Weather Long-term Time Series Forecasting}},
  howpublished = {\url{https://www.kaggle.com/datasets/alistairking/weather-long-term-time-series-forecasting}},
  note         = {Kaggle dataset. File: weather.csv},
  year         = {n.d.},
  urldate      = {2025-09-24}
}